@article{ecuyer2004have,
  title={Have sex differences in spatial ability evolved from male competition for mating and female concern for survival?},
  author={Ecuyer-Dab, Isabelle and Robert, Mich{\`e}le},
  journal={Cognition},
  volume={91},
  number={3},
  pages={221--257},
  year={2004},
  publisher={Elsevier}
}

@article{sherry1997evolution,
  title={Evolution and the hormonal control of sexually-dimorphic spatial abilities in humans},
  author={Sherry, David F and Hampson, Elizabeth},
  journal={Trends in Cognitive Sciences},
  volume={1},
  number={2},
  pages={50--56},
  year={1997},
  publisher={Elsevier}
}

@article{campbell1999staying,
  title={Staying alive: Evolution, culture, and women's intrasexual aggression},
  author={Campbell, Anne},
  journal={Behavioral and Brain Sciences},
  volume={22},
  number={02},
  pages={203--214},
  year={1999},
  publisher={Cambridge Univ Press}
}

@article{stokes2003female,
  title={Female dispersal and reproductive success in wild western lowland gorillas (Gorilla gorilla gorilla)},
  author={Stokes, Emma J and Parnell, Richard J and Olejniczak, Claudia},
  journal={Behavioral Ecology and Sociobiology},
  volume={54},
  number={4},
  pages={329--339},
  year={2003},
  publisher={Springer}
}

@article{watts1989infanticide,
  title={Infanticide in mountain gorillas: new cases and a reconsideration of the evidence},
  author={Watts, David P},
  journal={Ethology},
  volume={81},
  number={1},
  pages={1--18},
  year={1989},
  publisher={Wiley Online Library}
}

@article{watts2000infanticide,
  title={Infanticide and cannibalism by male chimpanzees at Ngogo, Kibale National Park, Uganda},
  author={Watts, David P and Mitani, John C},
  journal={Primates},
  volume={41},
  number={4},
  pages={357--365},
  year={2000},
  publisher={Springer}
}

@article{mitani2002recent,
  title={Recent developments in the study of wild chimpanzee behavior},
  author={Mitani, John C and Watts, David P and Muller, Martin N},
  journal={Evolutionary anthropology: Issues, news, and reviews},
  volume={11},
  number={1},
  pages={9--25},
  year={2002},
  publisher={Wiley Online Library}
}

@book{hill1996ache,
  title={Ache life history: The ecology and demography of a foraging people},
  author={Hill, Kim Ronald and Hurtado, A Magdalena},
  year={1996},
  publisher={Transaction Publishers}
}

@article{sear2008keeps,
  title={Who keeps children alive? A review of the effects of kin on child survival},
  author={Sear, Rebecca and Mace, Ruth},
  journal={Evolution and human behavior},
  volume={29},
  number={1},
  pages={1--18},
  year={2008},
  publisher={Elsevier}
}

@article{bell2004relationship,
  title={Relationship among environmental pointing accuracy, mental rotation, sex, and hormones},
  author={Bell, Scott and Saucier, Deborah},
  journal={Environment and Behavior},
  volume={36},
  number={2},
  pages={251--265},
  year={2004},
  publisher={Sage Publications}
}

@article{shepard1971mental,
  title={Mental rotation of three-dimensional objects},
  author={Shepard, Roger N and Metzler, Jacqueline},
  year={1971}
}

@Misc{unity14,
author ={Unity},
title = {Unity {3D}},
year ={2014},
publisher={Unity {T}echnologies}
}

@article{cohen1988statistical,
  title={Statistical power for the social sciences},
  author={Cohen, J},
  journal={Hillsdale, NJ: Laurence Erlbaum and Associates},
  year={1988}
}

@article{sherry2010cdc,
  title={National vital statistics reports},
  author={Murphy, Sherry L. and Xu, Jiaquan and Kochanek, Kenneth D.},
  journal={National Vital Statistics Reports},
  volume={61},
  number={4},
  year={2010}
}

@article{krug2000global,
  title={The global burden of injuries.},
  author={Krug, Etienne G and Sharma, Gyanendra K and Lozano, Rafael},
  journal={American journal of public health},
  volume={90},
  number={4},
  pages={523},
  year={2000},
  publisher={American Public Health Association}
}

@article{jianakoplos1998women,
  title={Are women more risk averse?},
  author={Jianakoplos, Nancy Ammon and Bernasek, Alexandra},
  journal={Economic inquiry},
  volume={36},
  number={4},
  pages={620--630},
  year={1998},
  publisher={Wiley Online Library}
}

@article{wilson1985competitiveness,
  title={Competitiveness, risk taking, and violence: The young male syndrome},
  author={Wilson, Margo and Daly, Martin},
  journal={Ethology and sociobiology},
  volume={6},
  number={1},
  pages={59--73},
  year={1985},
  publisher={Elsevier}
}

@article{wilson1997life,
  title={Life expectancy, economic inequality, homicide, and reproductive timing in Chicago neighbourhoods},
  author={Wilson, Margo and Daly, Martin},
  journal={Bmj},
  volume={314},
  number={7089},
  pages={1271},
  year={1997},
  publisher={BMJ Publishing Group Ltd}
}

@article{eals1994hunter,
  title={The hunter-gatherer theory of spatial sex differences: Proximate factors mediating the female advantage in recall of object arrays},
  author={Eals, Marion and Silverman, Irwin},
  journal={Ethology and Sociobiology},
  volume={15},
  number={2},
  pages={95--105},
  year={1994},
  publisher={Elsevier}
}

@article{gaulin1992evolution,
  title={Evolution of sex difference in spatial ability},
  author={Gaulin, Steven JC},
  journal={American Journal of Physical Anthropology},
  volume={35},
  number={S15},
  pages={125--151},
  year={1992},
  publisher={Wiley Online Library}
}

@article{gaulin1986sex,
  title={Sex differences in spatial ability: an evolutionary hypothesis and test},
  author={Gaulin, Steven JC and FitzGerald, Randall W},
  journal={American Naturalist},
  pages={74--88},
  year={1986},
  publisher={JSTOR}
}

@article{geary1995sexual,
  title={Sexual selection and sex differences in spatial cognition},
  author={Geary, David C},
  journal={Learning and Individual Differences},
  volume={7},
  number={4},
  pages={289--301},
  year={1995},
  publisher={Elsevier}
}

@article{gray1971sex,
  title={Sex differences in emotional and cognitive behaviour in mammals including man: adaptive and neural bases},
  author={Gray, Jeffrey A and Buffery, Anthony WH},
  journal={Acta Psychologica},
  volume={35},
  number={2},
  pages={89--111},
  year={1971},
  publisher={Elsevier}
}

@article{moffat1998navigation,
  title={Navigation in a “virtual” maze: Sex differences and correlation with psychometric measures of spatial ability in humans},
  author={Moffat, Scott D and Hampson, Elizabeth and Hatzipantelis, Maria},
  journal={Evolution and Human Behavior},
  volume={19},
  number={2},
  pages={73--87},
  year={1998},
  publisher={Elsevier}
}

@article{hampson1990estrogen,
  title={Estrogen-related variations in human spatial and articulatory-motor skills},
  author={Hampson, Elizabeth},
  journal={Psychoneuroendocrinology},
  volume={15},
  number={2},
  pages={97--111},
  year={1990},
  publisher={Elsevier}
}

@article{sanders1982sex,
  title={The sex difference on one test of spatial visualization: A nontrivial difference},
  author={Sanders, Barbara and Soares, Mary P and D'Aquila, Jean M},
  journal={Child Development},
  pages={1106--1110},
  year={1982},
  publisher={JSTOR}
}

@article{jones2003evolution,
  title={The evolution of sex differences in spatial ability.},
  author={Jones, Catherine M and Braithwaite, Victoria A and Healy, Susan D},
  journal={Behavioral neuroscience},
  volume={117},
  number={3},
  pages={403},
  year={2003},
  publisher={American Psychological Association}
}

@article{dufour2002comparative,
  title={Comparative and evolutionary dimensions of the energetics of human pregnancy and lactation},
  author={Dufour, Darna L and Sauther, Michelle L},
  journal={American Journal of Human Biology},
  volume={14},
  number={5},
  pages={584--602},
  year={2002},
  publisher={Wiley Online Library}
}

@article{vashro2014spatial,
  title={Spatial cognition, mobility, and reproductive success in northwestern Namibia},
  author={Vashro, Layne and Cashdan, Elizabeth},
  journal={Evolution and Human Behavior},
  year={2014},
  publisher={Elsevier}
}

@incollection{lawton2010gender,
  title={Gender, spatial abilities, and wayfinding},
  author={Lawton, Carol A},
  booktitle={Handbook of gender research in psychology},
  pages={317--341},
  year={2010},
  publisher={Springer}
}

@article{lawton1994gender,
  title={Gender differences in way-finding strategies: Relationship to spatial ability and spatial anxiety},
  author={Lawton, Carol A},
  journal={Sex roles},
  volume={30},
  number={11-12},
  pages={765--779},
  year={1994},
  publisher={Springer}
}

@article{quinn2008sex,
  title={A sex difference in mental rotation in young infants},
  author={Quinn, Paul C and Liben, Lynn S},
  journal={Psychological Science},
  volume={19},
  number={11},
  pages={1067--1070},
  year={2008},
  publisher={SAGE Publications}
}

@article{moore2008mental,
  title={Mental Rotation in Human Infants A Sex Difference},
  author={Moore, David S and Johnson, Scott P},
  journal={Psychological Science},
  volume={19},
  number={11},
  pages={1063--1066},
  year={2008},
  publisher={SAGE Publications}
}

@article{levine1999early,
  title={Early sex differences in spatial skill.},
  author={Levine, Susan C and Huttenlocher, Janellen and Taylor, Amy and Langrock, Adela},
  journal={Developmental psychology},
  volume={35},
  number={4},
  pages={940},
  year={1999},
  publisher={American Psychological Association}
}

@article{spritzer2005influence,
  title={Influence of scramble competition for mates upon the spatial ability of male meadow voles},
  author={Spritzer, Mark D and Solomon, Nancy G and Meikle, Douglas B},
  journal={Animal Behaviour},
  volume={69},
  number={2},
  pages={375--386},
  year={2005},
  publisher={Elsevier}
}

@article{hawkes2003grandmothers,
  title={Grandmothers and the evolution of human longevity},
  author={Hawkes, Kristen},
  journal={American Journal of Human Biology},
  volume={15},
  number={3},
  pages={380--400},
  year={2003},
  publisher={Wiley Online Library}
}

@article{sherwin2003estrogen,
  title={Estrogen and cognitive functioning in women},
  author={Sherwin, Barbara B},
  journal={Endocrine reviews},
  volume={24},
  number={2},
  pages={133--151},
  year={2003},
  publisher={Endocrine Society}
}

@article{kimura1995estrogen,
  title={Estrogen replacement therapy may protect against intellectual decline in postmenopausal women},
  author={Kimura, Doreen},
  journal={Hormones and behavior},
  volume={29},
  number={3},
  pages={312--321},
  year={1995},
  publisher={Elsevier}
}

@article{javsarevic2012spatial,
  title={Spatial navigation strategies in Peromyscus: a comparative study},
  author={Ja{\v{s}}arevi{\'c}, Eldin and Williams, Scott A and Roberts, R Michael and Geary, David C and Rosenfeld, Cheryl S},
  journal={Animal behaviour},
  volume={84},
  number={5},
  pages={1141--1149},
  year={2012},
  publisher={Elsevier}
}

@article{perdue2011sex,
  title={Sex differences in spatial ability: a test of the range size hypothesis in the order Carnivora},
  author={Perdue, Bonnie M and Snyder, Rebecca J and Zhihe, Zhang and Marr, M Jackson and Maple, Terry L},
  journal={Biology Letters},
  volume={7},
  number={3},
  pages={380--383},
  year={2011},
  publisher={The Royal Society}
}

@article{gittleman1988energy,
  title={Energy allocation in mammalian reproduction},
  author={Gittleman, John L and Thompson, Steven D},
  journal={American zoologist},
  volume={28},
  number={3},
  pages={863--875},
  year={1988},
  publisher={Soc Integ Comp Biol}
}

@article{wenzel2003prevalence,
  title={Prevalence of generalized anxiety at eight weeks postpartum},
  author={Wenzel, Amy and Haugen, EN and Jackson, LC and Robinson, K},
  journal={Archives of women's mental health},
  volume={6},
  number={1},
  pages={43--49},
  year={2003},
  publisher={Springer}
}

@article{heron2004course,
  title={The course of anxiety and depression through pregnancy and the postpartum in a community sample},
  author={Heron, Jonathan and O'Connor, Thomas G and Evans, Jonathan and Golding, Jean and Glover, Vivette and ALSPAC Study Team and others},
  journal={Journal of affective disorders},
  volume={80},
  number={1},
  pages={65--73},
  year={2004},
  publisher={Elsevier}
}

@article{smuts1992male,
  title={Male aggression against women},
  author={Smuts, Barbara},
  journal={Human Nature},
  volume={3},
  number={1},
  pages={1--44},
  year={1992},
  publisher={Springer}
}

@article{collins1984infanticide,
  title={Infanticide in two populations of savanna baboons.},
  author={Collins, DA and Busse, CD and Goodall, Jane},
  year={1984}
}

@article{treves1999risk,
  title={Risk and opportunity for humans coexisting with large carnivores},
  author={Treves, Adrian and Naughton-Treves, L},
  journal={Journal of Human Evolution},
  volume={36},
  number={3},
  pages={275--282},
  year={1999},
  publisher={Elsevier}
}

@article{pugh1980incidence,
  title={Incidence and mortality of snake bite in savanna Nigeria},
  author={Pugh, RNH and Theakston, RDG},
  journal={The Lancet},
  volume={316},
  number={8205},
  pages={1181--1183},
  year={1980},
  publisher={Elsevier}
}

@article{scelza2011female,
  title={Female mobility and postmarital kin access in a patrilocal society},
  author={Scelza, Brooke A},
  journal={Human Nature},
  volume={22},
  number={4},
  pages={377--393},
  year={2011},
  publisher={Springer}
}

@phdthesis{vashro2014residence,
  title={Residence and childcare assistance among the Twe},
  author={Vashro, Layne J},
  year={2014},
  school={THE UNIVERSITY OF UTAH}
}

@article{ecuyer2004spatial,
  title={Spatial ability and home-range size: examining the relationship in Western men and women (Homo sapiens).},
  author={Ecuyer-Dab, Isabelle and Robert, Mich{\`e}le},
  journal={Journal of Comparative Psychology},
  volume={118},
  number={2},
  pages={217},
  year={2004},
  publisher={American Psychological Association}
}

@article{frye1995estrus,
  title={Estrus-associated decrements in a water maze task are limited to acquisition},
  author={Frye, Cheryl A},
  journal={Physiology \& behavior},
  volume={57},
  number={1},
  pages={5--14},
  year={1995},
  publisher={Elsevier}
}

@article{hampson1988reciprocal,
  title={Reciprocal effects of hormonal fluctuations on human motor and perceptual-spatial skills.},
  author={Hampson, Elizabeth and Kimura, Doreen},
  journal={Behavioral neuroscience},
  volume={102},
  number={3},
  pages={456},
  year={1988},
  publisher={American Psychological Association}
}

@article{hausmann2000sex,
  title={Sex hormones affect spatial abilities during the menstrual cycle.},
  author={Hausmann, Markus and Slabbekoorn, Ditte and Van Goozen, Stephanie HM and Cohen-Kettenis, Peggy T and G{\"u}nt{\"u}rk{\"u}n, Onur},
  journal={Behavioral neuroscience},
  volume={114},
  number={6},
  pages={1245},
  year={2000},
  publisher={American Psychological Association}
}

@article{lacreuse1999spatial,
  title={Spatial cognition in rhesus monkeys: male superiority declines with age},
  author={Lacreuse, Agn{\`e}s and Herndon, James G and Killiany, Ronald J and Rosene, Douglas L and Moss, Mark B},
  journal={Hormones and Behavior},
  volume={36},
  number={1},
  pages={70--76},
  year={1999},
  publisher={Elsevier}
}

@article{willis1988gender,
  title={Gender differences in spatial ability in old age: Longitudinal and intervention findings},
  author={Willis, Sherry L and Schaie, K Warner},
  journal={Sex Roles},
  volume={18},
  number={3-4},
  pages={189--203},
  year={1988},
  publisher={Springer}
}

@article{driscoll2005virtual,
  title={Virtual navigation in humans: the impact of age, sex, and hormones on place learning},
  author={Driscoll, Ira and Hamilton, Derek A and Yeo, Ronald A and Brooks, William M and Sutherland, Robert J},
  journal={Hormones and behavior},
  volume={47},
  number={3},
  pages={326--335},
  year={2005},
  publisher={Elsevier}
}

@article{moffat2001age,
  title={Age differences in spatial memory in a virtual environment navigation task},
  author={Moffat, Scott D and Zonderman, Alan B and Resnick, Susan M},
  journal={Neurobiology of aging},
  volume={22},
  number={5},
  pages={787--796},
  year={2001},
  publisher={Elsevier}
}

@article{mccormick2001menstrual,
  title={Menstrual cycle variation in spatial ability: relation to salivary cortisol levels},
  author={McCormick, Cheryl M and Teillon, Sarah M},
  journal={Hormones and Behavior},
  volume={39},
  number={1},
  pages={29--38},
  year={2001},
  publisher={Elsevier}
}

@article{clutton2007sexual,
  title={Sexual selection in males and females},
  author={Clutton-Brock, Tim},
  journal={Science},
  volume={318},
  number={5858},
  pages={1882--1885},
  year={2007},
  publisher={American Association for the Advancement of Science}
}

@article{wilson1985competitiveness,
  title={Competitiveness, risk taking, and violence: The young male syndrome},
  author={Wilson, Margo and Daly, Martin},
  journal={Ethology and sociobiology},
  volume={6},
  number={1},
  pages={59--73},
  year={1985},
  publisher={Elsevier}
}

@article{wade1980intensity,
  title={The intensity of sexual selection in relation to male sexual behaviour, female choice, and sperm precedence},
  author={Wade, Michael J and Arnold, Stevan J},
  journal={Animal Behaviour},
  volume={28},
  number={2},
  pages={446--461},
  year={1980},
  publisher={Elsevier}
}

@article{darwin1871sexual,
  title={Sexual selection and the descent of man},
  author={Darwin, Charles},
  journal={Murray, London},
  year={1871}
}

@article{bateman1948intra,
  title={Intra-sexual selection in Drosophila},
  author={Bateman, Angus J},
  journal={Heredity},
  volume={2},
  number={Pt. 3},
  pages={349--368},
  year={1948},
  publisher={Essex}
}

@article{trivers1972parental,
  title={Parental investment and sexual selection},
  author={Trivers, Robert},
  year={1972},
  publisher={Biological Laboratories, Harvard University}
}

@article{montagu1961neonatal,
  title={Neonatal and infant immaturity in man},
  author={Montagu, Ashley},
  journal={JAMA},
  volume={178},
  number={1},
  pages={56--57},
  year={1961},
  publisher={American Medical Association}
}

@article{walker2001bioarchaeological,
  title={A bioarchaeological perspective on the history of violence},
  author={Walker, Phillip L},
  journal={Annual Review of Anthropology},
  pages={573--596},
  year={2001},
  publisher={JSTOR}
}

@article{bryant1982personality,
  title={Personality correlates of sense of direction and geographic orientation.},
  author={Bryant, K.},
  journal={Journal of Personality and Social Psychology},
  volume={43},
  number={6},
  pages={1318},
  year={1982},
  publisher={American Psychological Association}
}

@article{galea1993sex,
  title={Sex differences in route-learning},
  author={Galea, L. and Kimura, D.},
  journal={Personality and individual differences},
  volume={14},
  number={1},
  pages={53--65},
  year={1993},
  publisher={Elsevier}
}

@article{henrie1997gender,
  title={Gender-related knowledge variations within geography},
  author={Henrie, Roger L and Aron, Robert H and Nelson, Burton D and Poole, Debra A},
  journal={Sex Roles},
  volume={36},
  number={9-10},
  pages={605--623},
  year={1997},
  publisher={Springer}
}

@article{burke2012women,
  title={Women who know their place},
  author={Burke, Ariane and Kandler, Anne and Good, David},
  journal={Human Nature},
  volume={23},
  number={2},
  pages={133--148},
  year={2012},
  publisher={Springer}
}

@article{montello1999comparison,
  title={A comparison of methods for estimating directions in egocentric space},
  author={Montello, Daniel R and Richardson, Anthony E and Hegarty, Mary and Provenza, Michael},
  journal={PERCEPTION-LONDON-},
  volume={28},
  pages={981--1000},
  year={1999},
  publisher={Citeseer}
}

@article{gilmartin1984comparing,
  title={Comparing the sexes on spatial abilities: Map-use skills},
  author={Gilmartin, Patricia P and Patton, Jeffrey C},
  journal={Annals of the Association of American Geographers},
  volume={74},
  number={4},
  pages={605--619},
  year={1984},
  publisher={Taylor \& Francis}
}

@article{devlin1995interactive,
  title={Interactive wayfinding: Use of cues by men and women},
  author={Devlin, Ann Sloan and Bernstein, Jason},
  journal={Journal of environmental psychology},
  volume={15},
  number={1},
  pages={23--38},
  year={1995},
  publisher={Elsevier}
}

@article{lawton2002gender,
  title={Gender differences in wayfinding strategies and anxiety about wayfinding: A cross-cultural comparison},
  author={Lawton, Carol A and Kallai, Janos},
  journal={Sex Roles},
  volume={47},
  number={9-10},
  pages={389--401},
  year={2002},
  publisher={Springer}
}

@article{picucci2011besides,
  title={Besides navigation accuracy: Gender differences in strategy selection and level of spatial confidence},
  author={Picucci, Luciana and Caff{\`o}, Alessandro O and Bosco, Andrea},
  journal={Journal of environmental psychology},
  volume={31},
  number={4},
  pages={430--438},
  year={2011},
  publisher={Elsevier}
}

@incollection{gaulin1988evolution,
  author      = {Gaulin, Steven JC and Hoffman, Harol A and others},
  title       = {Evolution and development of sex differences in spatial ability},
  editor      = {Betzig, Laura L and Mulder, Monique Borgerhoff and Turke, Paul},
  booktitle   = {Human reproductive behaviour: A Darwinian perspective},
  pages={129--152},
  publisher   = {Cambridge: Cambridge University Press},
  year        = {1988}
}

@article{macdonald1999reproductive,
  title={Reproductive Interests and Forager Mobility 1},
  author={MacDonald, Douglas H and Hewlett, Barry S},
  journal={Current Anthropology},
  volume={40},
  number={4},
  pages={501--524},
  year={1999},
  publisher={JSTOR}
}

@book{viljoen1982distribution,
  title={The distribution and population status of the larger mammals in Kaokoland, South West Africa/Namibia},
  author={Viljoen, PJ},
  year={1982},
  publisher={Staatsmuseum}
}

@book{gregor1987anxious,
  title={Anxious pleasures: The sexual lives of an Amazonian people},
  author={Gregor, Thomas},
  year={1987},
  publisher={University of Chicago Press}
}

@article{ecuyer2004have,
  title={Have sex differences in spatial ability evolved from male competition for mating and female concern for survival?},
  author={Ecuyer-Dab, Isabelle and Robert, Mich{\`e}le},
  journal={Cognition},
  volume={91},
  number={3},
  pages={221--257},
  year={2004},
  publisher={Elsevier}
}

@article{clutton1991sexual,
  title={Sexual selection and the potential reproductive rates of males and females},
  author={Clutton-Brock, Tim H and Vincent, Amanda CJ},
  journal={Nature},
  volume={351},
  number={6321},
  pages={58--60},
  year={1991}
}

@article{woodfield1984embedded,
  title={Embedded figures test performance before and after childbirth},
  author={Woodfield, Robert L},
  journal={British Journal of Psychology},
  volume={75},
  number={1},
  pages={81--88},
  year={1984},
  publisher={Wiley Online Library}
}

@article{komnenich1978gonadal,
  title={Gonadal hormones and cognitive performance},
  author={Komnenich, Pauline and Lane, David M and Dickey, Richard P and Stone, Sergio C},
  journal={Physiological Psychology},
  volume={6},
  number={1},
  pages={115--120},
  year={1978},
  publisher={Springer}
}

@article{fugger1998sex,
  title={Sex differences in the activational effect of ER$\alpha$ on spatial learning},
  author={Fugger, Heather N and Cunningham, Stephen G and Rissman, Emilie F and Foster, Thomas C},
  journal={Hormones and behavior},
  volume={34},
  number={2},
  pages={163--170},
  year={1998},
  publisher={Elsevier}
}
@article{duka2000effects,
  title={The effects of 3-week estrogen hormone replacement on cognition in elderly healthy females},
  author={Duka, T and Tasker, R and McGowan, JF},
  journal={Psychopharmacology},
  volume={149},
  number={2},
  pages={129--139},
  year={2000},
  publisher={Springer}
}