@incollection{alvarez2004residence,
  title={Residence groups among hunter-gatherers: a view of the claims and evidence for patrilocal bands},
  author={Alvarez, Helen},
  editor = {Chapais, Bernard. and Berman, Carol.},
  booktitle={Kinship and behavior in primates},
  pages={420--442},
  publisher = {Oxford University Press},
  year={2004}
}

@article{barr2013random,
  title={Random effects structure for confirmatory hypothesis testing: Keep it maximal},
  author={Barr, Dale and Levy, Roger and Scheepers, Christoph and Tily, Harry},
  journal={Journal of Memory and Language},
  volume={68},
  number={3},
  pages={255--278},
  year={2013},
  publisher={Elsevier}
}

@Manual{bates2011lmer,
    title = {lme4: Linear mixed-effects models using S4 classes.},
    author = {Bates, D and Maechler, M and Bolker, B},
    organization = {R Foundation for Statistical Computing},
    year = {2011},
    note = {R package version 0.999375-42},
    url = {http://CRAN.R-project.org/}
}

@article{Bereczei2002helping,
  title={Helping-at-the-Nest and Sex-Biased Parental Investment in a {H}ungarian {G}ypsy Population},
  author={Bereczei, T. and Dunbar, R.},
  journal={Current Anthropology},
  volume={43},
  number={5},
  pages={804--809},
  year={2002},
  publisher={JSTOR}
}

@article{bollig1998colonial,
  title={The colonial encapsulation of the north-western {N}amibian pastoral economy},
  author={Bollig, Michael},
  journal={Africa},
  volume={68},
  number={04},
  pages={506--536},
  year={1998},
  publisher={Cambridge Univ Press}
}

@incollection{bollig1998power,
  title={Power and trade: In precolonial and early colonial {N}orthern {K}aokoland 1860s--1940s},
  author={Bollig, Michael},
  editor = {Hayes, Patricia and Silvester, Jeremy and Wallace, Marion and Hartmann, Wolfram},
  booktitle={{N}amibia under {S}outh {A}frican Rule. Mobility and Containment.},
  pages={175--193},
  publisher = {James Currey Press},
  year={1998}
}

@incollection{bollig2000people,
  title={People, cattle and land: an introduction},
  author={Bollig, Michael and Gewald, Jan-Bart},
  editor = {Bollig, Michael and Gewald, Jan-Bart},
  booktitle={People, cattle and land: transformations of pastoral society},
  pages={3--52},
  publisher={K{\"o}ppe, K{\"o}ln},
  year={2000}
}

@article{bollig2002nomadic,
  title={Nomadic savages, ochre people and heroic herders: Visual presentations of the {H}imba of {N}amibia's {K}aokoland},
  author={Bollig, Michael and Heinemann, Heike},
  journal={Visual Anthropology},
  volume={15},
  number={3-4},
  pages={267--312},
  year={2002},
  publisher={Taylor \& Francis}
}

@incollection{bollig2004hunters,
  author={Bollig, Michael},
  title={Hunters, foragers, and singing Smiths: The metamorphoses of peripatetic peoples in {A}frica},
  editor={Berland, Joseph and Rao, Aparna}, 
  booktitle = {Customary Strangers. New Perspectives on Peripatetic Peoples in the {M}iddle {E}ast, {A}frica, and {A}sia},
  publisher = {Praeger},
  year={2004}
}

@incollection{bollig2005inherit,
  title={Inheritance and Maintenance among the {H}imba of the {K}unene {R}egion},
  author={Bollig, Michael},
  editor={Gordon, Robert},
  booktitle={Perspectives on {N}amibian inheritance practices},
  year={2005},
  pages={45--62},
  publisher= {Legal Assistance Center}
}

@book{bollig2006risk,
  title={Risk management in a hazardous environment: A comparative study of two pastoral societies},
  author={Bollig, Michael},
  year={2006},
  publisher={Springer New York, New York, USA}
}

@article{bove2002girl,
  title={Girl helpers and time allocation of nursing women among the {T}oba of {A}rgentina},
  author={Bove, Riley and Valeggia, Claudia and Ellison, Peter},
  journal={Human Nature},
  volume={13},
  number={4},
  pages={457--472},
  year={2002},
  publisher={Springer}
}

@article{cardoso1967ovatjimba,
  title={``{O}vatjimba'' in {A}ngola},
  author={Cardoso, C.},
  journal={Cadern. etnogr.},
  volume={2},
  number={1},
  year={1967},
  publisher={Barcolos}
}

@article{cashdan1986competition,
  title={Competition between foragers and food-producers on the {B}otletli {R}iver, {B}otswana},
  author={Cashdan, Elizabeth},
  journal={Africa},
  volume={56},
  number={3},
  pages={299--318},
  year={1986},
  publisher={Cambridge Univ Press}
}

@article{cashdan1986hunter,
  title={Hunter-gatherers of the northern {K}alahari},
  author={Cashdan, Elizabeth},
  journal={Contemporary studies on Khoisan},
  volume={1},
  pages={145--80},
  year={1986}
}

@book{chapais2009primeval,
  title={Primeval kinship: How pair-bonding gave birth to human society},
  author={Chapais, Bernard},
  year={2009},
  publisher={Harvard University Press}
}

@article{crandall1991strength,
  title={The strength of the {O}vaHimba patrilineage},
  author={Crandall, David},
  journal={Cimbebasia},
  volume={13},
  pages={45--51},
  year={1991},
  publisher= {State Museum}
}

@article{crittenden2008allomaternal,
  title={Allomaternal care among the {H}adza of {T}anzania},
  author={Crittenden, Alyssa and Marlowe, Frank},
  journal={Human Nature},
  volume={19},
  number={3},
  pages={249--262},
  year={2008},
  publisher={Springer}
}

@article{crognier2001helpers,
  title={Do ``helpers at the nest'' increase their parents' reproductive success?},
  author={Crognier, Emile and Baali, Abdellatif and Hilali, M.K.},
  journal={American Journal of Human Biology},
  volume={13},
  number={3},
  pages={365--373},
  year={2001},
  publisher={Wiley Online Library}
}

@book{de1965bushmen,
  title={{B}ushmen and other non-{B}antu peoples of {A}ngola: three lectures},
  author={De Almeida, Antonio},
  number={1},
  year={1965},
  publisher={Witwatersrand University Press for the Institute for the Study of Man in Africa}
}

@article{degen2007sheep,
  title={Sheep and goat milk in pastoral societies},
  author={Degen, A.},
  journal={Small Ruminant Research},
  volume={68},
  number={1},
  pages={7--19},
  year={2007},
  publisher={Elsevier}
}

@article{denham1974infant,
  title={Infant Transport among the {A}lyawara {T}ribe, {C}entral {A}ustralia},
  author={Denham, Woodrow},
  journal={Oceania},
  volume={44},
  number={4},
  pages={253--277},
  year={1974},
  publisher={JSTOR}
}

@book{devore1968man,
  title={Man the hunter},
  author={DeVore, Irven and Lee, Richard B},
  year={1968},
  publisher={Aldine Publishing Company}
}

@article{divale1974migration,
  title={Migration, external warfare, and matrilocal residence},
  author={Divale, William Tulio},
  journal={Cross-Cultural Research},
  volume={9},
  number={2},
  pages={75--133},
  year={1974},
  publisher={Sage Publications}
}

@book{dornan1925pygmies,
  title={{P}ygmies \& {B}ushmen of the {K}alahari: An Account of the Hunting Tribes Inhabiting the {G}reat {A}rid {P}lateau of the {K}alahari {D}esert, Their Precarious Manner of Living, Their Habits, Customs \& Beliefs, with Some Reference to {B}ushman Art, Both Early \& of Recent Date, \& to the Neighbouring {A}frican Tribes},
  author={Dornan, Samuel},
  year={1925},
  publisher={Seeley, Service}
}

@book{driver1956integration,
  title={An integration of functional, evolutionary, and historical theory by means of correlations},
  author={Driver, Harold Edson},
  year={1956},
  publisher={Waverly Press}
}

@article{dunbar2002helping,
  title={Helping-at-the-Nest and Sex-Biased Parental Investment in a {H}ungarian {G}ypsy Population},
  author={Bereczkei, Tamas and Dunbar, R. E. M.},
  journal={Current Anthropology},
  volume={43},
  number={5},
  pages={804--809},
  year={2002},
  publisher={JSTOR}
}

@article{ehret2008early,
  title={The early livestock-raisers of southern {A}frica},
  author={Ehret, Christopher},
  journal={Southern {A}frican Humanities},
  volume={20},
  number={1},
  pages={7--35},
  year={2008},
  publisher={Sabinet Online}
}

@article{elderkin1986diachronic,
  title={Diachronic inferences from basic sentence and noun structure in {C}entral {K}hoisan and {S}andawe},
  author={Elderkin, Edward},
  journal={Sugia: Sprache und Geschichte in {A}frika},
  volume={7},
  number={2},
  pages={131--156},
  year={1986}
}

@book{elman1962primitive,
  title={Primitive social organization: An evolutionary perspective},
  author={Elman, Service},
  year={1962},
  publisher={Random House}
}

@article{ember1971conditions,
  title={The conditions favoring matrilocal versus patrilocal residence},
  author={Ember, Melvin and Ember, Carol},
  journal={American Anthropologist},
  volume={73},
  number={3},
  pages={571--594},
  year={1971},
  publisher={Wiley Online Library}
}

@article{ember1972conditions,
  title={The conditions favoring multilocal residence},
  author={Ember, Carol and Ember, Melvin},
  journal={Southwestern Journal of Anthropology},
  volume={28},
  number={4},
  pages={382--400},
  year={1972},
  publisher={JSTOR}
}

@book{estermann1976ethnography,
  title={The Ethnography of {S}outhwestern {A}ngola: The non-{B}antu peoples. The {A}mbo ethnic group},
  author={Estermann, Carlos},
  volume={1},
  year={1976},
  publisher={Africana Pub.}
}

@article{euler1996discriminative,
  title={Discriminative grandparental solicitude as reproductive strategy},
  author={Euler, Harald and Weitzel, Barbara},
  journal={Human Nature},
  volume={7},
  number={1},
  pages={39--59},
  year={1996},
  publisher={Springer}
}

@incollection{flinn1989household,
  title={Household composition and female reproductive strategies},
  author={Flinn, Mark},
  editor = {Rasa, A. and Vogel, C. and Voland, E.},
  booktitle={Sexual and reproductive strategies},
  pages={206--233},
  publisher = {London: Chapmann and Hall},
  year={1989}	
}

@article{gerloff1999intracommunity,
  title={Intracommunity relationships, dispersal pattern and paternity success in a wild living community of bonobos ({P}an paniscus) determined from DNA analysis of faecal samples},
  author={Gerloff, Ulrike and Hartung, Bianka and Fruth, Barbara and Hohmann, Gottfried and Tautz, Diethard},
  journal={Proceedings of the Royal Society of London. Series B: Biological Sciences},
  volume={266},
  number={1424},
  pages={1189--1195},
  year={1999},
  publisher={The Royal Society}
}

@article{gibson1956double,
  title={Double Descent and Its Correlates among the {H}erero of {N}gamiland1},
  author={Gibson, Gordon},
  journal={{A}merican Anthropologist},
  volume={58},
  number={1},
  pages={109--139},
  year={1956},
  publisher={Wiley Online Library}
}

@article{gibson1959marriage,
  title={{H}erero Marriage},
  author={Gibson, Gordon D},
  journal={Rhodes-Livingston Journal},
  volume={24},
  pages={1--37},
  year={1959},
}

@article{guldemann2008linguist,
  title={A linguist's view: {K}hoe-{K}wadi speakers as the earliest food-producers of southern {A}frica},
  author={Guldemann, Tom},
  journal={Southern {A}frican Humanities},
  volume={20},
  number={1},
  pages={93--132},
  year={2008},
  publisher={Sabinet Online}
}

@incollection{hames1988allocation,
  title={The allocation of parental care among the {Y}ekwana},
  author={Hames, Raymond},
  editor = {Betzig, L. and Borgerhoff Mulder, M. and Turke, P.},
  booktitle={Human Reproductive Behaviour},
  pages={237--251},
  publisher={Cambridge University Press},
  year={1988}
}

@article{hames2004women,
  title={Womens work, child care, and helpers-at-the-nest in a hunter-gatherer society},
  author={Hames, Raymond and Draper, Patricia},
  journal={Human Nature},
  volume={15},
  number={4},
  pages={319--341},
  year={2004},
  publisher={Springer}
}

@article{hawkes1997hadza,
  title={{H}adza women's time allocation, offspring provisioning, and the evolution of long postmenopausal life spans},
  author={Hawkes, Kristen and O'Connell, James and Blurton Jones, Nicholas},
  journal={Current Anthropology},
  volume={38},
  number={4},
  pages={551--577},
  year={1997},
  publisher={JSTOR}
}

@article{hawkes1998grandmothering,
  title={Grandmothering, menopause, and the evolution of human life histories},
  author={Hawkes, Kristen and OConnell, James and Blurton Jones, Nicholas and Alvarez, Helen and Charnov, Eric},
  journal={Proceedings of the National Academy of Sciences},
  volume={95},
  number={3},
  pages={1336--1339},
  year={1998},
  publisher={National Academy of Sciences}
}

@article{hawkes2001hadza,
  title={{H}adza meat sharing},
  author={Hawkes, Kristen and O'Connell, James and Blurton Jones, Nicholas},
  journal={Evolution and Human Behavior},
  volume={22},
  number={2},
  pages={113--142},
  year={2001},
  publisher={Elsevier}
}

@incollection{henry2005child,
  title={Child caretakers among {E}fe foragers of the {I}turi {F}orest},
  author={Henry, Paula and Morelli, Gilda and Tronick, Edward},
  editor = {Hewlett, Barry and Lamb, Michael},
  booktitle={Hunter-gatherer childhoods: evolutionary, developmental and cultural perspectives.},
  pages={191--213},
  address = {New Jersey},
  publisher = {Transaction Publishers},
  year={2005}
}

@book{hewlett1992father,
  title={Father-child relations: Cultural and biosocial contexts},
  author={Hewlett, Barry},
  year={1992},
  address = {New Jersey},
  publisher={Transaction Publishers}
}

@book{hewlett1993intimate,
  title={Intimate fathers: The nature and context of {A}ka {P}ygmy paternal infant care},
  author={Hewlett, Barry},
  year={1993},
  publisher={University of Michigan Press}
}

@incollection{hewlett2011central,
  author      = {Hewlett, Barry and Fancher, Jason},
  title       = {{C}entral {A}frican Hunter-Gatherer Research Traditions},
  editor      = {Cummings,V. and Jordan, P. and Zvelebil, M.},
  booktitle   = {Oxford Handbook of the Archaeology and Anthropology of Hunter-Gatherers},
  publisher   = {Oxford University Press},
  address     = {Oxford},
  year        = {2011}
}

@book{hill1996ache,
  title={{A}che life history: The ecology and demography of a foraging people},
  author={Hill, Kim and Hurtado, Magdalena},
  year={1996},
  address = {New Jersey},  
  publisher={Transaction Publishers}
}

@article{hill2011co,
  title={Co-residence patterns in hunter-gatherer societies show unique human social structure},
  author={Hill, Kim and Walker, Robert and Bo{\v{z}}i{\v{c}}evi{\'c}, Miran and Eder, James and Headland, Thomas and Hewlett, Barry and Hurtado, A Magdalena and Marlowe, Frank and Wiessner, Polly and Wood, Brian},
  journal={Science},
  volume={331},
  number={6022},
  pages={1286--1289},
  year={2011},
  publisher={American Association for the Advancement of Science}
}

@article{hill2011co_sup,
  title={Co-residence patterns in hunter-gatherer societies show unique human social structure},
  author={Hill, Kim and Walker, Robert and Bo{\v{z}}i{\v{c}}evi{\'c}, Miran and Eder, James and Headland, Thomas and Hewlett, Barry and Hurtado, A Magdalena and Marlowe, Frank and Wiessner, Polly and Wood, Brian},
  journal={Science},
  volume={331},
  number={6022(Supplemental materials)},
  pages={1286--1289},
  year={2011},
  publisher={American Association for the Advancement of Science}
}

@article{hitzeroth1976anthro,
  title={On the Identity of the Stone-working {T}jimba of {S}outh {W}est {A}frica: A Comparative Multivariate Anthropometric Analysis},
  author={Hitzeroth, H.},
  journal={Cimbebasia},
  volume={2},
  number={9},
  pages={209--226},
  year={1976},
  publisher={State Museum}
}

@article{hitzeroth1976finger,
  title={On the Identity of the Stone-working {T}jimba, {S}outh {W}est {A}frica: A Comparative Study Based on Fingerprint Pattern Frequencies},
  author={Hitzeroth, H.},
  journal={Cimbebasia},
  volume={2},
  number={7},
  pages={187--202},
  year={1976},
  publisher={State Museum}
}

@article{holden2003spread,
  title={Spread of cattle led to the loss of matrilineal descent in {A}frica: a coevolutionary analysis},
  author={Holden, Clare and Mace, Ruth},
  journal={Proceedings of the Royal Society of London. Series B: Biological Sciences},
  volume={270},
  number={1532},
  pages={2425--2433},
  year={2003},
  publisher={The Royal Society}
}

@incollection{hrdy2007evolutionary,
  author={Hrdy, Sarah Blaffer},
  title={Evolutionary context of human development. The cooperative breeding model},
  editor = {Salmon, Catherine and Shackelford, Todd},
  booktitle = {Family Relationships: An Evolutionary Perspective},
  publisher = {Oxford University Press},
  pages={39--68},
  address = {New York, NY},
  year={2007}
}

@book{hrdy2009mothers,
  title={Mothers and others},
  author={Hrdy, Sarah Blaffer},
  year={2009},
  publisher={Belknap Press}
}

@article{ivey2000cooperative,
  title={Cooperative Reproduction in {I}turi {F}orest Hunter-Gatherers: Who Cares for {E}fe Infants? 1},
  author={Ivey, Paula},
  journal={Current Anthropology},
  volume={41},
  number={5},
  pages={856--866},
  year={2000},
  publisher={JSTOR}
}

@incollection{jones2005hadza,
  author={Blurton Jones, Nicholas and Hawkes, Kristen and OConnell, James},
  title={{H}adza grandmothers as helpers: residence data},
  editor = {Voland, Eckart and Chasiotis, Athanathios and Schiefenhovel, Wulf},
  booktitle={Grandmotherhood: The evolutionary significance of the second half of female life},
  pages={160--176},
  publisher={Rutgers University Press},
  year={2005}
}

@article{jordan2009matrilocal,
  title={Matrilocal residence is ancestral in Austronesian societies},
  author={Jordan, Fiona and Gray, Russell and Greenhill, Simon and Mace, Ruth},
  journal={Proceedings of the Royal Society B: Biological Sciences},
  volume={276},
  number={1664},
  pages={1957--1964},
  year={2009},
  publisher={The Royal Society}
}

@article{kaplan1984food,
  title={Food sharing among {A}che hunter-gatherers of eastern {P}araguay},
  author={Kaplan, Hillard and Hill, Kim and Hawkes, Kristen and Hurtado, Ana},
  journal={Current Anthropology},
  volume={25},
  number={1},
  pages={113--115},
  year={1984},
  publisher={JSTOR}
}

@incollection{kaplan2000theory,
  author={Kaplan, Hillard and Hill, Kim and Lancaster, Jane and Hurtado, Magdalena},
  title={A theory of human life history evolution: diet, intelligence, and longevity},
  editor = {Buss, David},
  booktitle={The Handbook of Evolutionary Psychology},
  pages={156--185},
  publisher={Wiley},
  year={2005}
}

@incollection{kavari2005estates,
  title={Estates and systems of inheritance among {O}vahimba and {O}vaherero in {K}aokoland},
  author={Kavari, Jekura Uaurika},
  editor={Gordon, Robert},
  booktitle={The Meanings of Inheritance: Perspectives on {N}amibian Inheritance Practice},
  pages={63--70},
  year={2005},
  publisher= {Legal Assistance Center}
}

@article{key2000evolution,
  title={The evolution of human life history},
  author={Key, Catherine},
  journal={World archaeology},
  volume={31},
  number={3},
  pages={329--350},
  year={2000},
  publisher={Taylor \& Francis}
}

@article{knussman1977structure,
  title={The linguistic prehistory of southern {A}frica: {B}ush, {K}wadi, {H}ottentot, and {B}antu linguistic relationships},
  author={Knussman, R. and R{\"o}ssing, F.},
  journal={Journal of Human Evolution},
  volume={6},
  number={2},
  pages={211--215},
  year={1977},
}

@article{korotayev2003division,
  title={Division of labor by gender and postmarital residence in cross-cultural perspective: A reconsideration},
  author={Korotayev, Andrey},
  journal={Cross-Cultural Research},
  volume={37},
  number={4},
  pages={335--372},
  year={2003},
  publisher={Sage Publications}
}

@article{kramer2004reconsidering,
  title={Reconsidering the cost of childbearing: the timing of childrens helping behavior across the life cycle of {M}aya families},
  author={Kramer, Karen},
  journal={Research in Economic Anthropology},
  volume={23},
  pages={335--353},
  year={2004},
  publisher={Emerald Group Publishing Limited}
}

@article{kramer2005children,
  title={Children's help and the pace of reproduction: cooperative breeding in humans},
  author={Kramer, Karen},
  journal={Evolutionary Anthropology: Issues, News, and Reviews},
  volume={14},
  number={6},
  pages={224--237},
  year={2005},
  publisher={Wiley Online Library}
}

@incollection{kramer2009does,
  title={Does it take a family to raise a child? Cooperative breeding and the contributions of Maya siblings, parents and older adults in raising children},
  author={Kramer, Karen},
  editor= {Bentley, Gillian and Mace, Ruth},
  booktitle={Substitute Parents: Biological and Social Perspectives on Alloparenting in Human Societies},
  pages={77--99},
  publisher={Berghahn Books}  ,
  address={Oxford},
  year={2009}
}

@article{kramer2010cooperative,
  title={Cooperative breeding and its significance to the demographic success of humans},
  author={Kramer, Karen},
  journal={Annual Review of Anthropology},
  volume={39},
  pages={417--436},
  year={2010},
  publisher={Annual Reviews}
}

@article{lee1972kung,
  title={!{K}ung spatial organization: An ecological and historical perspective},
  author={Lee, Richard},
  journal={Human Ecology},
  volume={1},
  number={2},
  pages={125--147},
  year={1972},
  publisher={Springer}
}

@article{lee1974male,
  title={Male-female residence arrangements and political power in human hunter-gatherers},
  author={Lee, Richard},
  journal={Archives of Sexual Behavior},
  volume={3},
  number={2},
  pages={167--173},
  year={1974},
  publisher={Springer}
}

@incollection{lee1982politics,
  title={Politics, sexual and non-sexual, in an egalitarian society},
  author={Kramer, Karen},
  editor= {Leacock, Eleanor and Lee, Richard},
  booktitle={Politics and history in band societies},
  pages={37--59},
  publisher={Cambridge University Press},
  year={1982}
}

@book{linton1964study,
  title={The study of man},
  author={Linton, Ralph},
  year={1964},
  publisher={D. Appleton-Century Co.}
}

@book{lippert1931evolution,
  title={The evolution of culture},
  author={Lippert, Julius},
  year={1931},
  publisher={Macmillian}
}

@article{loxtonhunting1974,
  title={Report on a reconnaisance survey of the natural resources of {K}aokoland},
  year={1974},
  author={Loxton, R.},
  journal={Hunting \& Associates}
}

@article{maccalman1965preliminary,
  title={Preliminary report of two stone-working {O}vaTjimba groups in the northern {K}aokoveld of {S}outh {W}est {A}frica},
  author={MacCalman, H. and Grobbelaar, B.},
  journal={Cimbebasia},
  volume={1},
  number={13},
  pages={1--39},
  year={1965},
  publisher={State Museum}
}

@article{malan1973double,
  title={Double descent among the {H}imba of {S}outh {W}est {A}frica},
  author={Malan, Johan},
  journal={Cimbebasia},
  volume={2},
  number={3},
  pages={82--104},
  year={1973},
  publisher={State Museum}
}

@article{malan1974herero,
  title={The {H}erero-speaking peoples of {K}aokoland},
  author={Malan, Johan},
  journal={Cimbebasia},
  volume={2},
  number={4},
  pages={114--125},
  year={1974},
  publisher={State Museum}
}

@article{malan1974ethnobotany,
  title={The ethnobotany of {K}aokoland},
  author={Malan, Johan and Owen-Smith, G.},
  journal={Cimbebasia},
  volume={2},
  number={5},
  pages={132--170},
  year={1974},
  publisher={State Museum}
}

@article{marlowe2003critical,
  title={A critical period for provisioning by {H}adza men: Implications for pair bonding},
  author={Marlowe, Frank},
  journal={Evolution and Human Behavior},
  volume={24},
  number={3},
  pages={217--229},
  year={2003},
  publisher={Elsevier}
}

@article{marlowe2004marital,
  title={Marital residence among foragers},
  author={Marlowe, Frank},
  journal={Current Anthropology},
  volume={45},
  number={2},
  pages={277--284},
  year={2004},
  publisher={JSTOR}
}

@article{marshall1959marriage,
  title={Marriage among !{K}ung bushmen},
  author={Marshall, Lorna},
  journal={{A}frica},
  volume={29},
  number={4},
  pages={335--365},
  year={1959},
  publisher={Cambridge University Press}
}


@article{matznetter1967Untersuchungen,
  title={Untersuchungen iiber das Papillarsystem siidwestangolanischer Neger-stamme},
  author={Matznetter, T.},
  journal={Mitteilungen der Anthropologischen Gesellschaft in Wien},
  volume={102},
  number={96},
  pages={21--56},
  year={1967}
}

@article{meehan2005effects,
  title={The effects of residential locality on parental and alloparental investment among the {A}ka foragers of the {C}entral {A}frican {R}epublic},
  author={Meehan, Courtney},
  journal={Human Nature},
  volume={16},
  number={1},
  pages={58--80},
  year={2005},
  publisher={Springer}
}

@misc{morgan1851league,
  title={League of the {I}roquois. {S}ecaucus},
  author={Morgan, Lewis Henry},
  year={1851},
  address={New Jersey},
  publisher={The Citadel Press}
}

@book{murdock1949social,
  title={Social structure},
  author={Murdock, George Peter},
  year={1949},
  publisher={Macmillan}
}

@article{murdock1967ethnographic,
  title={Ethnographic atlas: a summary},
  author={Murdock, George Peter},
  journal={Ethnology},
  volume={6},
  number={2},
  pages={109--236},
  year={1967},
  publisher={JSTOR}
}

@article{murdock1969standard,
  title={Standard cross-cultural sample},
  author={Murdock, George P and White, Douglas R},
  journal={Ethnology},
  volume={8},
  number={4},
  pages={329--369},
  year={1969},
  publisher={JSTOR}
}

@incollection{nishida1987chimpanzees,
  title={Chimpanzees and bonobos: Cooperative relationships among males},
  author={Nishida, Toshisada and Hiraiwa-Hasegawa, Mariko},
  editor= {Smuts, Barbara and Cheney, Dorothy and Seyfarth, Robert and Wrangham, Richard and Struhsaker, Thomas},
  booktitle={Primate societies},
  pages={165--177},
  address= {Chicago},
  publisher={University of Chicago Press},
  year={1987}
}

@article{nurse1977serogenetic,
  title={Serogenetic studies on the {K}avango peoples of {S}outh {W}est {A}frica},
  author={Nurse, George and Jenkins, Trefor},
  journal={Annals of human biology},
  volume={4},
  number={5},
  pages={465--478},
  year={1977},
  publisher={Informa UK Ltd UK}
}

@book{nurse1985peoples,
  title={The peoples of southern {A}frica and their affinities},
  author={Nurse, George and Weiner, Joseph and Jenkins, Trefor},
  year={1985},
  publisher={Oxford University Press}
}

@article{pusey1997influence,
  title={The influence of dominance rank on the reproductive success of female chimpanzees},
  author={Pusey, Anne and Williams, Jennifer and Goodall, Jane},
  journal={Science},
  volume={277},
  number={5327},
  pages={828--831},
  year={1997},
  publisher={American Association for the Advancement of Science}
}

@Manual{rdevcore,
    title = {{R}: A Language and Environment for Statistical Computing},
    author = {{R}{\ }Core{\ }Team},
    organization = {R Foundation for Statistical Computing},
    address = {Vienna, Austria},
    year = {2012},
    note = {{ISBN} 3-900051-07-0},
    url = {http://www.R-project.org/}
}

@article{rodseth1991human,
  title={The Human Community as a Primate Society},
  author={Rodseth, Lars and Wrangham, Richard and Harrigan, Alisa and Smuts, Barbara},
  journal={Current Anthropology},
  volume={32},
  number={3},
  pages={221--254},
  year={1991},
  publisher={JSTOR}
}

@article{scelza2011female,
  title={Female choice and extra-pair paternity in a traditional human population},
  author={Scelza, Brooke},
  journal={Biology letters},
  volume={7},
  number={6},
  pages={889--891},
  year={2011},
  publisher={The Royal Society}
}

@incollection{schadeberg1999batwa,
  title={{B}atwa: The {B}antu name for the invisible people},
  author={Schadeberg, Thilo},
  editor= {Biesbrouck, Karen},
  booktitle={{C}entral {A}frican Hunter-Gatherers in a Multi-Disciplinary Perspective: Challenging Elusiveness},
  pages={21--40},
  address= {Universiteit Leiden},
  publisher={Research School for {A}sian, {A}frican and {A}merindian Studies},
  year={1999}
}

@article{sear2000maternal,
  title={Maternal grandmothers improve nutritional status and survival of children in rural {G}ambia},
  author={Sear, Rebecca and Mace, Ruth and McGregor, Ian},
  journal={Proceedings of the Royal Society of {L}ondon. Series B: Biological Sciences},
  volume={267},
  number={1453},
  pages={1641--1647},
  year={2000},
  publisher={The Royal Society}
}

@article{sear2008keeps,
  title={Who keeps children alive? A review of the effects of kin on child survival},
  author={Sear, Rebecca and Mace, Ruth},
  journal={Evolution and Human Behavior},
  volume={29},
  number={1},
  pages={1--18},
  year={2008},
  publisher={Elsevier}
}

@article{schielzeth2009conclusions,
  title={Conclusions beyond support: overconfident estimates in mixed models},
  author={Schielzeth, Holger and Forstmeier, Wolfgang},
  journal={Behavioral Ecology},
  volume={20},
  number={2},
  pages={416--420},
  year={2009},
  publisher={ISBE}
}

@book{siiskonen1990trade,
  title={Trade and socioeconomic change in {O}vamboland, 1850-1906},
  author={Siiskonen, Harri},
  year={1990},
  publisher={SHS Helsinki}
}

@article{stokes2003female,
  title={Female dispersal and reproductive success in wild western lowland gorillas ({G}orilla gorilla gorilla)},
  author={Stokes, Emma and Parnell, Richard and Olejniczak, Claudia},
  journal={Behavioral Ecology and Sociobiology},
  volume={54},
  number={4},
  pages={329--339},
  year={2003},
  publisher={Springer}
}

@incollection{sugiyama2005juvenile,
  title={Juvenile responses to household ecology among the Yora of {P}eruvian {A}mazonia},
  author={Sugiyama, Lawrence and Chacon, Richard},
  editor= {Hewlett, Barry and Lamb, Michael},
  booktitle={Hunter-Gatherer Childhoods: Evolutionary, Developmental and Cultural Perspectives},
  pages={237--261},
  address= {New Brunswick},
  publisher={Aldine Transaction},
  year={2005}
}

@article{sullivan1999damara,
  title={Folk and formal, local and national - Damara knowledge and community conservation in southern {K}unene, {N}amibia},
  author={Sullivan, S.},
  journal={Cimbebasia},
  volume={15},
  number={5},
  pages={1--28},
  year={1999},
  publisher={State Museum}
}

@incollection{turke1988helpers,
  title={Helpers at the nest: childcare networks on {I}faluk},
  author={Turke, Paul},
  editor = {Betzig, L. and Borgerhoff Mulder, M. and Turke, P.},
  booktitle={Human Reproductive Behaviour},
  pages={173--188},
  address= {Cambridge},
  publisher={Cambridge University Press},
  year={1988}
}

@article{tylor1889method,
  title={On a method of investigating the development of institutions; applied to laws of marriage and descent},
  author={Tylor, Edward B},
  journal={The Journal of the Anthropological Institute of {G}reat {B}ritain and {I}reland},
  volume={18},
  pages={245--272},
  year={1889},
  publisher={JSTOR}
}

@incollection{valeggia2009changing,
  title={Changing times for the {A}rgentine {T}oba: who cares for the baby now},
  author={Valeggia, Claudia},
  editor= {Bentley, Gillian and Mace, Ruth},
  booktitle={Substitute Parents: Biological and Social Perspectives on Alloparenting in Human Societies},
  pages={100--115},
  publisher={Berghahn Books},  
  address={Oxford},
  year={2009}
}

@incollection{vedder1928berg,
  title={The {B}erg {D}amara},
  author={Vedder, H},
  editor= {Hahn, C. and Vedder, H. and Fourie, L.},
  booktitle={The Native Tribes of {S}outh {A}frica},
  pages={39--70},
  publisher={Routledge},  
  year={1928}
}

@article{voland2002opposite,
  title={Opposite effects of maternal and paternal grandmothers on infant survival in historical {K}rummh{\"o}rn},
  author={Voland, Eckart and Beise, Jan},
  journal={Behavioral Ecology and Sociobiology},
  volume={52},
  number={6},
  pages={435--443},
  year={2002},
  publisher={Springer}
}

@article{viljoen1982distribution,
  title={The distribution and population status of the larger mammals in Kaokoland, {S}outh {W}est {A}frica/{N}amibia},
  author={Viljoen, P.},
  journal={Cimbebasia},
  volume={7},
  number={2},
  pages={7--32},
  year={1982},
  publisher={State Museum}
}


@article{walker2013living,
  title={Living with kin in lowland horticultural societies},
  author={Walker, Robert and Beckerman, Stephen and Flinn, Mark and Gurven, Michael and von Rueden, Chris and Kramer, Karen and Greaves, Russell and C{\'o}rdoba, Lorena and Villar, Diego and Hagen, Edward and Koster, Jeremy and Sugiyama, Lawrence and Hunter, Tiffany and Hill, Kim},
  journal={Current Anthropology},
  volume={54},
  number={1},
  pages={96--103},
  year={2013},
  publisher={JSTOR}
}

@article{westphal1963linguistic,
  title={The linguistic prehistory of southern {A}frica: {B}ush, {K}wadi, {H}ottentot, and {B}antu linguistic relationships},
  author={Westphal, Ernst},
  journal={{A}frica},
  volume={33},
  number={3},
  pages={237--265},
  year={1963},
  publisher={Cambridge University Press}
}

@article{wood2011dynamics,
  title={Dynamics of Postmarital Residence among the {H}adza},
  author={Wood, Brian and Marlowe, Frank},
  journal={Human Nature},
  volume={22},
  number={1-2},
  pages={128--138},
  year={2011},
  publisher={Springer}
}

@article{woodburn1968stability,
  title={Stability and flexibility in {H}adza residential groupings},
  author={Woodburn, James},
  journal={Man the hunter},
  year={1968},
  publisher={Aldine Publishing Company}
}

@article{zeger1988models,
  title={Models for longitudinal data: a generalized estimating equation approach},
  author={Zeger, Scott and Liang, Kung-Yee and Albert, Paul},
  journal={Biometrics},
  pages={1049--1060},
  year={1988},
  publisher={JSTOR}
}

@article{zeller1987role,
  title={A role for children in hominid evolution},
  author={Zeller, Anthony},
  journal={Man},
  volume={22},
  pages={528--557},
  year={1987},
  publisher={JSTOR}
}